\begin{thebibliography}

@article{Yanxon2020,
    abstract = {In this article, we present a systematic study on developing machine learning force fields (MLFFs) for crystalline silicon. While the main-stream approach of fitting a MLFF is to use a small and lo...},
    author = {Yanxon, Howard and Zagaceta, David and Wood, Brandon C. and Zhu, Qiang},
    doi = {10.1063/5.0014677},
    issn = {0021-9606},
    journal = {The Journal of Chemical Physics},
    mendeley-groups = {StatMech Paper},
    month = {aug},
    number = {5},
    pages = {054118},
    pmid = {32770884},
    publisher = {AIP Publishing LLCAIP Publishing},
    title = {{Neural network potential from bispectrum components: A case study on crystalline silicon}},
    url = {https://aip.scitation.org/doi/abs/10.1063/5.0014677},
    volume = {153},
    year = {2020}
}

@conference{Adam,
    doi = {10.48550/ARXIV.1412.6980},  
    url = {https://arxiv.org/abs/1412.6980},  
    author = {Kingma, Diederik P. and Ba, Jimmy},  
    keywords = {Machine Learning (cs.LG), FOS: Computer and information sciences, FOS: Computer and information sciences},  
    title = {Adam: A Method for Stochastic Optimization},  
    publisher = {arXiv},  
    year = {2014},  
    copyright = {arXiv.org perpetual, non-exclusive license}
}


@book{Rulis,
	address = {Oxford, UK},
	title = {Electronic {Structure} {Methods} for {Complex} {Materials}: {The} {Orthogonalized} {Linear} {Combination} of {Atomic} {Orbitals}},
	url = {http://dx.doi.org/10.1093/acprof:oso/9780199575800.001.0001},
	publisher = {Oxford University Press},
	author = {{Wai-Yim Ching} and {Paul Rulis}},
	year = {2012},
	file = {Wai-Yim Ching and Paul Rulis - 2012 - Electronic Structure Methods for Complex Materials.pdf:/Users/laurenhiggins/Zotero/storage/HZK5FRHQ/Wai-Yim Ching and Paul Rulis - 2012 - Electronic Structure Methods for Complex Materials.pdf:application/pdf},
}

@misc{NN,
    author = {Shah, Nirav Vasant},
    mendeley-groups = {StatMech Paper},
    title = {{Artificial Neural Network and Data-driven techniques: Scientific Computing in the era of emerging technologies â€“ ROMSOC}},
    url = {https://www.romsoc.eu/artificial-neural-network-and-data-driven-techniques-scientific-computing-in-the-era-
    of-emerging-technologies/},
    urldate = {2022-07-21}
}



\end{thebibliography}